@misc{Vijay/Vignesh:05,
  author = {Vijay Krishnan and Vignesh Ganapathy},
  title = {Named Entity Recognition},
  year = {2005},
  timestamp = {2005.12.16}
}

